<?xml version="1.0" encoding="UTF-8"?><collection xmlns="http://www.loc.gov/MARC21/slim"><record><leader>00528nam--2200169-u-4500</leader><controlfield tag="001">000055621</controlfield><controlfield tag="002">20161230</controlfield><controlfield tag="005">20170106180133</controlfield><controlfield tag="008">130301s1000------------r-----000-0-eng-d</controlfield><datafield ind1=" " ind2=" " tag="040"><subfield code="a">IFIN-HH</subfield></datafield><datafield ind1=" " ind2=" " tag="080"><subfield code="a">535.853(03):543.42(03)</subfield></datafield><datafield ind1="1" ind2=" " tag="100"><subfield code="a">Moritz, Heinrich</subfield></datafield><datafield ind1="1" ind2="0" tag="245"><subfield code="a">Spektroskopie spektralanalyse</subfield><subfield code="b">English, deutsch, francais, russkii, espagnol, cesky, polski, magyar</subfield><subfield code="c">Heinrich Moritz, Tibor T©œr©œk</subfield></datafield><datafield ind1=" " ind2=" " tag="260"><subfield code="a">Berlin</subfield><subfield code="b">Veb Verlag Technik</subfield><subfield code="c">1970</subfield></datafield><datafield ind1=" " ind2=" " tag="300"><subfield code="a">313P</subfield></datafield><datafield ind1=" " ind2=" " tag="852"><subfield code="a">D.456</subfield><subfield code="c">SLC</subfield></datafield><datafield ind1=" " ind2=" " tag="CAT"><subfield code="a">SYS</subfield><subfield code="c">20170106</subfield><subfield code="h">180133</subfield></datafield></record></collection>